<?xml version="1.0" encoding="UTF-8"?><collection xmlns="http://www.loc.gov/MARC21/slim"><record><leader>00482nam--2200145-i-4500</leader><controlfield tag="001">000016133</controlfield><controlfield tag="002">20161230</controlfield><controlfield tag="005">20170208130609</controlfield><controlfield tag="008">060222s1000------------r-----000-0-eng-d</controlfield><datafield ind1=" " ind2=" " tag="100"><subfield code="a">Bertrand, Charles</subfield></datafield><datafield ind1=" " ind2=" " tag="245"><subfield code="a">Recherches sur la preparation et sur les proprietes optiques de nouvelles substances organiques colorees douees du pouvoir rotatoire</subfield><subfield code="b">these</subfield></datafield><datafield ind1=" " ind2=" " tag="260"><subfield code="a">Toulouse</subfield><subfield code="b">L Universite De Toulouse</subfield><subfield code="c">1961</subfield></datafield><datafield ind1=" " ind2=" " tag="300"><subfield code="a">82 p</subfield></datafield><datafield ind1=" " ind2=" " tag="852"><subfield code="a">547.1(043)</subfield></datafield><datafield ind1=" " ind2=" " tag="CAT"><subfield code="a">SYS</subfield><subfield code="c">20170208</subfield><subfield code="h">130609</subfield></datafield></record></collection>